<?xml version="1.0" encoding="UTF-8"?><collection xmlns="http://www.loc.gov/MARC21/slim"><record><leader>00328nam--2200133-i-4500</leader><controlfield tag="001">000048846</controlfield><controlfield tag="002">20161230</controlfield><controlfield tag="005">20161230201047</controlfield><controlfield tag="008">060222s1000------------r-----000-0-eng-d</controlfield><datafield ind1=" " ind2=" " tag="080"><subfield code="a">539.123(23)</subfield></datafield><datafield ind1=" " ind2=" " tag="100"><subfield code="a">Azimov,Aizek</subfield></datafield><datafield ind1=" " ind2=" " tag="245"><subfield code="a">Neitrino-prizrachnaia chastica atoma</subfield></datafield><datafield ind1=" " ind2=" " tag="260"><subfield code="a">Moskva, Atomisdat, 1969. 142 S</subfield></datafield><datafield ind1=" " ind2=" " tag="852"><subfield code="a">32238</subfield></datafield></record></collection>